<record><leader>00000cas a22000007a 4500</leader><controlfield tag="001">20834641</controlfield><controlfield tag="008">891229d18861889mouwr ne      0    0eng d</controlfield><datafield ind1=" " ind2=" " tag="010"><subfield code="a">sn 89067601 </subfield></datafield><datafield ind1=" " ind2=" " tag="040"><subfield code="a">MQN</subfield><subfield code="b">eng</subfield><subfield code="c">MQN</subfield><subfield code="d">OCLCQ</subfield></datafield><datafield ind1=" " ind2=" " tag="042"><subfield code="a">msc</subfield></datafield><datafield ind1="0" ind2=" " tag="130"><subfield code="a">Weekly local (Pleasant Hill, Mo.)</subfield></datafield><datafield ind1="1" ind2="4" tag="245"><subfield code="a">The weekly local.</subfield></datafield><datafield ind1=" " ind2=" " tag="260"><subfield code="a">Pleasant Hill, Mo. :</subfield><subfield code="b">Race &amp; McKesson,</subfield><subfield code="c">1886-1889.</subfield></datafield><datafield ind1=" " ind2=" " tag="300"><subfield code="a">v.</subfield></datafield><datafield ind1=" " ind2=" " tag="310"><subfield code="a">Weekly</subfield></datafield><datafield ind1="0" ind2=" " tag="362"><subfield code="a">Vol. 15, no. 4 (Oct. 14, 1886)-v. 18, no. 15 (Dec. 27, 1889).</subfield></datafield><datafield ind1=" " ind2=" " tag="752"><subfield code="a">United States</subfield><subfield code="b">Missouri</subfield><subfield code="c">Cass</subfield><subfield code="d">Pleasant Hill.</subfield></datafield><datafield ind1="0" ind2="0" tag="780"><subfield code="t">Local dispatch</subfield><subfield code="w">(DLC)sn 89067600</subfield></datafield><datafield ind1="0" ind2="0" tag="785"><subfield code="t">Pleasant Hill local (Pleasant Hill, Mo. : 1890)</subfield><subfield code="w">(DLC)sn 86063659</subfield></datafield></record>